@article{sezgin,
    author =       {Mehmet Sezgin, BÃ¼lent Sankur},
    title =        {Survey over image thresholding techniques and
                    quantitative performance evaluation},
    journal =      {Journal of Electronic Imaging},
    volume =       {13},
    number =       {1},
    pages =        {146-165},
    year =         {2004},
    DOI =          {10.1117/1.1631315}
}
